@online{spark,
	author = {Apache Spark},
	title = {Spark Overview},
	urldate = {2019-10-12},
	url = {https://spark.apache.org/docs/2.4.4/}
}

@online{localexample,
	author = {Big Data Made Simple},
	title = {Learning Scala Spark basics using spark shell in local},
	urldate = {2019-10-12},
	url = {https://bigdata-madesimple.com/learning-scala-spark-basics-using-spark-shell-in-local/}
}

@inproceedings{structuredStreaming,	author = {Ivanov, Todor and Taafe, Jason},
	year = {2018},
	month = {04},
	pages = {141-146},
	title = {Exploratory Analysis of Spark Structured Streaming},
	doi = {10.1145/3185768.3186360}
}

@online{internals,
	author = {jaceklaskowskie},
	title = {The Internals of Apache Spark},
	urldate = {2019-10-17},
	url = {https://legacy.gitbook.com/book/jaceklaskowski/mastering-apache-spark/details/}
}

@inproceedings{sparkStreaming,
	author = {Zaharia, Matei and Das, Tathagata and Li, Haoyuan and Shenker, Scott and Stoica, Ion},
	title = {Discretized Streams: An Efficient and Fault-tolerant Model for Stream Processing on Large Clusters},
	booktitle = {Proceedings of the 4th USENIX Conference on Hot Topics in Cloud Ccomputing},
	series = {HotCloud'12},
	year = {2012},
	location = {Boston, MA},
	pages = {10--10},
	numpages = {1},
	url = {http://dl.acm.org/citation.cfm?id=2342763.2342773},
	acmid = {2342773},
	publisher = {USENIX Association},
	address = {Berkeley, CA, USA},
} 

